@misc{rnnpic,
title = {A Guide to Recurrent Neural Networks: Understanding RNN and LSTM Networks},
howpublished = {\url{https://builtin.com/data-science/recurrent-neural-networks-and-lstm}},
note = {Accessed: 2023-11-26},
}

@misc{main,
author = {Rodr√≠guez, A. and Cui, J and Ramakrishnan, N. and Adhikari, B. and
Prakash, B. A.},
title = {EINNs: Epidemiologically-Informed Neural Networks},
year={2023},
eprint={2202.10446},
archivePrefix={arXiv},
primaryClass={cs.LG},
DOI = {10.48550/arXiv.2202.10446},
}

@book{yazdani,
author = {Yazdani, A. and et al.},
title = {Systems biology informed deep learning for inferring parameters and hidden dynamics},
year={2020},
publisher = {PLOS Comp. Bio.},
}

@misc{karnia,
author = {Karniadakis, G. and et al.},
title = {Physics-informed machine learning},
year = {2021},
publisher = {Nature Reviews Physics},
}

@misc{wu,
author = {Wu, J. T. and et al.},
title = {Nowcasting and forecasting the potential domestic
and international spread of the 2019-nCoV outbreak originating
in Wuhan, China: a modelling study},
year = {2020},
publisher = {The Lancet},
}